%YAML 1.1
%TAG !u! tag:unity3d.com,2011:
--- !u!29 &1
OcclusionCullingSettings:
  m_ObjectHideFlags: 0
  serializedVersion: 2
  m_OcclusionBakeSettings:
    smallestOccluder: 5
    smallestHole: 0.25
    backfaceThreshold: 100
  m_SceneGUID: 00000000000000000000000000000000
  m_OcclusionCullingData: {fileID: 0}
--- !u!104 &2
RenderSettings:
  m_ObjectHideFlags: 0
  serializedVersion: 9
  m_Fog: 0
  m_FogColor: {r: 0.5, g: 0.5, b: 0.5, a: 1}
  m_FogMode: 3
  m_FogDensity: 0.01
  m_LinearFogStart: 0
  m_LinearFogEnd: 300
  m_AmbientSkyColor: {r: 0.212, g: 0.227, b: 0.259, a: 1}
  m_AmbientEquatorColor: {r: 0.114, g: 0.125, b: 0.133, a: 1}
  m_AmbientGroundColor: {r: 0.047, g: 0.043, b: 0.035, a: 1}
  m_AmbientIntensity: 1
  m_AmbientMode: 3
  m_SubtractiveShadowColor: {r: 0.42, g: 0.478, b: 0.627, a: 1}
  m_SkyboxMaterial: {fileID: 0}
  m_HaloStrength: 0.5
  m_FlareStrength: 1
  m_FlareFadeSpeed: 3
  m_HaloTexture: {fileID: 0}
  m_SpotCookie: {fileID: 10001, guid: 0000000000000000e000000000000000, type: 0}
  m_DefaultReflectionMode: 0
  m_DefaultReflectionResolution: 128
  m_ReflectionBounces: 1
  m_ReflectionIntensity: 1
  m_CustomReflection: {fileID: 0}
  m_Sun: {fileID: 0}
  m_IndirectSpecularColor: {r: 0, g: 0, b: 0, a: 1}
  m_UseRadianceAmbientProbe: 0
--- !u!157 &3
LightmapSettings:
  m_ObjectHideFlags: 0
  serializedVersion: 11
  m_GIWorkflowMode: 1
  m_GISettings:
    serializedVersion: 2
    m_BounceScale: 1
    m_IndirectOutputScale: 1
    m_AlbedoBoost: 1
    m_EnvironmentLightingMode: 0
    m_EnableBakedLightmaps: 0
    m_EnableRealtimeLightmaps: 0
  m_LightmapEditorSettings:
    serializedVersion: 10
    m_Resolution: 2
    m_BakeResolution: 40
    m_AtlasSize: 1024
    m_AO: 0
    m_AOMaxDistance: 1
    m_CompAOExponent: 1
    m_CompAOExponentDirect: 0
    m_Padding: 2
    m_LightmapParameters: {fileID: 0}
    m_LightmapsBakeMode: 1
    m_TextureCompression: 1
    m_FinalGather: 0
    m_FinalGatherFiltering: 1
    m_FinalGatherRayCount: 256
    m_ReflectionCompression: 2
    m_MixedBakeMode: 2
    m_BakeBackend: 1
    m_PVRSampling: 1
    m_PVRDirectSampleCount: 32
    m_PVRSampleCount: 500
    m_PVRBounces: 2
    m_PVRFilterTypeDirect: 0
    m_PVRFilterTypeIndirect: 0
    m_PVRFilterTypeAO: 0
    m_PVRFilteringMode: 1
    m_PVRCulling: 1
    m_PVRFilteringGaussRadiusDirect: 1
    m_PVRFilteringGaussRadiusIndirect: 5
    m_PVRFilteringGaussRadiusAO: 2
    m_PVRFilteringAtrousPositionSigmaDirect: 0.5
    m_PVRFilteringAtrousPositionSigmaIndirect: 2
    m_PVRFilteringAtrousPositionSigmaAO: 1
    m_ShowResolutionOverlay: 1
  m_LightingDataAsset: {fileID: 0}
  m_UseShadowmask: 1
--- !u!196 &4
NavMeshSettings:
  serializedVersion: 2
  m_ObjectHideFlags: 0
  m_BuildSettings:
    serializedVersion: 2
    agentTypeID: 0
    agentRadius: 0.5
    agentHeight: 2
    agentSlope: 45
    agentClimb: 0.4
    ledgeDropHeight: 0
    maxJumpAcrossDistance: 0
    minRegionArea: 2
    manualCellSize: 0
    cellSize: 0.16666667
    manualTileSize: 0
    tileSize: 256
    accuratePlacement: 0
    debug:
      m_Flags: 0
  m_NavMeshData: {fileID: 0}
--- !u!1001 &26194008
PrefabInstance:
  m_ObjectHideFlags: 0
  serializedVersion: 2
  m_Modification:
    m_TransformParent: {fileID: 1370947408}
    m_Modifications:
    - target: {fileID: 7388478535388755946, guid: 81327f66af044e94592464ff7f51e93f,
        type: 3}
      propertyPath: m_Name
      value: Wood (8)
      objectReference: {fileID: 0}
    - target: {fileID: 7388478535388755947, guid: 81327f66af044e94592464ff7f51e93f,
        type: 3}
      propertyPath: m_LocalPosition.x
      value: 6.2
      objectReference: {fileID: 0}
    - target: {fileID: 7388478535388755947, guid: 81327f66af044e94592464ff7f51e93f,
        type: 3}
      propertyPath: m_LocalPosition.y
      value: 0.88
      objectReference: {fileID: 0}
    - target: {fileID: 7388478535388755947, guid: 81327f66af044e94592464ff7f51e93f,
        type: 3}
      propertyPath: m_LocalPosition.z
      value: 0
      objectReference: {fileID: 0}
    - target: {fileID: 7388478535388755947, guid: 81327f66af044e94592464ff7f51e93f,
        type: 3}
      propertyPath: m_LocalRotation.x
      value: 0
      objectReference: {fileID: 0}
    - target: {fileID: 7388478535388755947, guid: 81327f66af044e94592464ff7f51e93f,
        type: 3}
      propertyPath: m_LocalRotation.y
      value: 0
      objectReference: {fileID: 0}
    - target: {fileID: 7388478535388755947, guid: 81327f66af044e94592464ff7f51e93f,
        type: 3}
      propertyPath: m_LocalRotation.z
      value: 0.7071068
      objectReference: {fileID: 0}
    - target: {fileID: 7388478535388755947, guid: 81327f66af044e94592464ff7f51e93f,
        type: 3}
      propertyPath: m_LocalRotation.w
      value: 0.7071068
      objectReference: {fileID: 0}
    - target: {fileID: 7388478535388755947, guid: 81327f66af044e94592464ff7f51e93f,
        type: 3}
      propertyPath: m_RootOrder
      value: 7
      objectReference: {fileID: 0}
    - target: {fileID: 7388478535388755947, guid: 81327f66af044e94592464ff7f51e93f,
        type: 3}
      propertyPath: m_LocalEulerAnglesHint.x
      value: 0
      objectReference: {fileID: 0}
    - target: {fileID: 7388478535388755947, guid: 81327f66af044e94592464ff7f51e93f,
        type: 3}
      propertyPath: m_LocalEulerAnglesHint.y
      value: 0
      objectReference: {fileID: 0}
    - target: {fileID: 7388478535388755947, guid: 81327f66af044e94592464ff7f51e93f,
        type: 3}
      propertyPath: m_LocalEulerAnglesHint.z
      value: 90
      objectReference: {fileID: 0}
    - target: {fileID: 7388478535388755947, guid: 81327f66af044e94592464ff7f51e93f,
        type: 3}
      propertyPath: m_LocalScale.x
      value: 1
      objectReference: {fileID: 0}
    - target: {fileID: 7388478535388755947, guid: 81327f66af044e94592464ff7f51e93f,
        type: 3}
      propertyPath: m_LocalScale.y
      value: 2
      objectReference: {fileID: 0}
    m_RemovedComponents: []
  m_SourcePrefab: {fileID: 100100000, guid: 81327f66af044e94592464ff7f51e93f, type: 3}
--- !u!1001 &33081698
PrefabInstance:
  m_ObjectHideFlags: 0
  serializedVersion: 2
  m_Modification:
    m_TransformParent: {fileID: 1370947408}
    m_Modifications:
    - target: {fileID: 7388478535388755946, guid: 81327f66af044e94592464ff7f51e93f,
        type: 3}
      propertyPath: m_Name
      value: Wood (4)
      objectReference: {fileID: 0}
    - target: {fileID: 7388478535388755947, guid: 81327f66af044e94592464ff7f51e93f,
        type: 3}
      propertyPath: m_LocalPosition.x
      value: 6.2
      objectReference: {fileID: 0}
    - target: {fileID: 7388478535388755947, guid: 81327f66af044e94592464ff7f51e93f,
        type: 3}
      propertyPath: m_LocalPosition.y
      value: -2.76
      objectReference: {fileID: 0}
    - target: {fileID: 7388478535388755947, guid: 81327f66af044e94592464ff7f51e93f,
        type: 3}
      propertyPath: m_LocalPosition.z
      value: 0
      objectReference: {fileID: 0}
    - target: {fileID: 7388478535388755947, guid: 81327f66af044e94592464ff7f51e93f,
        type: 3}
      propertyPath: m_LocalRotation.x
      value: 0
      objectReference: {fileID: 0}
    - target: {fileID: 7388478535388755947, guid: 81327f66af044e94592464ff7f51e93f,
        type: 3}
      propertyPath: m_LocalRotation.y
      value: 0
      objectReference: {fileID: 0}
    - target: {fileID: 7388478535388755947, guid: 81327f66af044e94592464ff7f51e93f,
        type: 3}
      propertyPath: m_LocalRotation.z
      value: 0.7071068
      objectReference: {fileID: 0}
    - target: {fileID: 7388478535388755947, guid: 81327f66af044e94592464ff7f51e93f,
        type: 3}
      propertyPath: m_LocalRotation.w
      value: 0.7071068
      objectReference: {fileID: 0}
    - target: {fileID: 7388478535388755947, guid: 81327f66af044e94592464ff7f51e93f,
        type: 3}
      propertyPath: m_RootOrder
      value: 4
      objectReference: {fileID: 0}
    - target: {fileID: 7388478535388755947, guid: 81327f66af044e94592464ff7f51e93f,
        type: 3}
      propertyPath: m_LocalEulerAnglesHint.x
      value: 0
      objectReference: {fileID: 0}
    - target: {fileID: 7388478535388755947, guid: 81327f66af044e94592464ff7f51e93f,
        type: 3}
      propertyPath: m_LocalEulerAnglesHint.y
      value: 0
      objectReference: {fileID: 0}
    - target: {fileID: 7388478535388755947, guid: 81327f66af044e94592464ff7f51e93f,
        type: 3}
      propertyPath: m_LocalEulerAnglesHint.z
      value: 90
      objectReference: {fileID: 0}
    - target: {fileID: 7388478535388755947, guid: 81327f66af044e94592464ff7f51e93f,
        type: 3}
      propertyPath: m_LocalScale.x
      value: 1
      objectReference: {fileID: 0}
    - target: {fileID: 7388478535388755947, guid: 81327f66af044e94592464ff7f51e93f,
        type: 3}
      propertyPath: m_LocalScale.y
      value: 2
      objectReference: {fileID: 0}
    m_RemovedComponents: []
  m_SourcePrefab: {fileID: 100100000, guid: 81327f66af044e94592464ff7f51e93f, type: 3}
--- !u!1001 &42727016
PrefabInstance:
  m_ObjectHideFlags: 0
  serializedVersion: 2
  m_Modification:
    m_TransformParent: {fileID: 0}
    m_Modifications:
    - target: {fileID: 5968376081187433521, guid: 4a7739532dee4b44a804375dbfcfb305,
        type: 3}
      propertyPath: m_Name
      value: TrailController
      objectReference: {fileID: 0}
    - target: {fileID: 5968376081187433527, guid: 4a7739532dee4b44a804375dbfcfb305,
        type: 3}
      propertyPath: m_LocalPosition.x
      value: 0.785869
      objectReference: {fileID: 0}
    - target: {fileID: 5968376081187433527, guid: 4a7739532dee4b44a804375dbfcfb305,
        type: 3}
      propertyPath: m_LocalPosition.y
      value: 0.015612379
      objectReference: {fileID: 0}
    - target: {fileID: 5968376081187433527, guid: 4a7739532dee4b44a804375dbfcfb305,
        type: 3}
      propertyPath: m_LocalPosition.z
      value: -0.188151
      objectReference: {fileID: 0}
    - target: {fileID: 5968376081187433527, guid: 4a7739532dee4b44a804375dbfcfb305,
        type: 3}
      propertyPath: m_LocalRotation.x
      value: 0
      objectReference: {fileID: 0}
    - target: {fileID: 5968376081187433527, guid: 4a7739532dee4b44a804375dbfcfb305,
        type: 3}
      propertyPath: m_LocalRotation.y
      value: 0
      objectReference: {fileID: 0}
    - target: {fileID: 5968376081187433527, guid: 4a7739532dee4b44a804375dbfcfb305,
        type: 3}
      propertyPath: m_LocalRotation.z
      value: 0
      objectReference: {fileID: 0}
    - target: {fileID: 5968376081187433527, guid: 4a7739532dee4b44a804375dbfcfb305,
        type: 3}
      propertyPath: m_LocalRotation.w
      value: 1
      objectReference: {fileID: 0}
    - target: {fileID: 5968376081187433527, guid: 4a7739532dee4b44a804375dbfcfb305,
        type: 3}
      propertyPath: m_RootOrder
      value: 2
      objectReference: {fileID: 0}
    - target: {fileID: 5968376081187433527, guid: 4a7739532dee4b44a804375dbfcfb305,
        type: 3}
      propertyPath: m_LocalEulerAnglesHint.x
      value: 0
      objectReference: {fileID: 0}
    - target: {fileID: 5968376081187433527, guid: 4a7739532dee4b44a804375dbfcfb305,
        type: 3}
      propertyPath: m_LocalEulerAnglesHint.y
      value: 0
      objectReference: {fileID: 0}
    - target: {fileID: 5968376081187433527, guid: 4a7739532dee4b44a804375dbfcfb305,
        type: 3}
      propertyPath: m_LocalEulerAnglesHint.z
      value: 0
      objectReference: {fileID: 0}
    m_RemovedComponents: []
  m_SourcePrefab: {fileID: 100100000, guid: 4a7739532dee4b44a804375dbfcfb305, type: 3}
--- !u!1001 &54400993
PrefabInstance:
  m_ObjectHideFlags: 0
  serializedVersion: 2
  m_Modification:
    m_TransformParent: {fileID: 1370947408}
    m_Modifications:
    - target: {fileID: 7388478535388755946, guid: 81327f66af044e94592464ff7f51e93f,
        type: 3}
      propertyPath: m_Name
      value: Wood (6)
      objectReference: {fileID: 0}
    - target: {fileID: 7388478535388755947, guid: 81327f66af044e94592464ff7f51e93f,
        type: 3}
      propertyPath: m_LocalPosition.x
      value: 4.98
      objectReference: {fileID: 0}
    - target: {fileID: 7388478535388755947, guid: 81327f66af044e94592464ff7f51e93f,
        type: 3}
      propertyPath: m_LocalPosition.y
      value: -0.97
      objectReference: {fileID: 0}
    - target: {fileID: 7388478535388755947, guid: 81327f66af044e94592464ff7f51e93f,
        type: 3}
      propertyPath: m_LocalPosition.z
      value: 0
      objectReference: {fileID: 0}
    - target: {fileID: 7388478535388755947, guid: 81327f66af044e94592464ff7f51e93f,
        type: 3}
      propertyPath: m_LocalRotation.x
      value: 0
      objectReference: {fileID: 0}
    - target: {fileID: 7388478535388755947, guid: 81327f66af044e94592464ff7f51e93f,
        type: 3}
      propertyPath: m_LocalRotation.y
      value: 0
      objectReference: {fileID: 0}
    - target: {fileID: 7388478535388755947, guid: 81327f66af044e94592464ff7f51e93f,
        type: 3}
      propertyPath: m_LocalRotation.z
      value: 0
      objectReference: {fileID: 0}
    - target: {fileID: 7388478535388755947, guid: 81327f66af044e94592464ff7f51e93f,
        type: 3}
      propertyPath: m_LocalRotation.w
      value: 1
      objectReference: {fileID: 0}
    - target: {fileID: 7388478535388755947, guid: 81327f66af044e94592464ff7f51e93f,
        type: 3}
      propertyPath: m_RootOrder
      value: 5
      objectReference: {fileID: 0}
    - target: {fileID: 7388478535388755947, guid: 81327f66af044e94592464ff7f51e93f,
        type: 3}
      propertyPath: m_LocalEulerAnglesHint.x
      value: 0
      objectReference: {fileID: 0}
    - target: {fileID: 7388478535388755947, guid: 81327f66af044e94592464ff7f51e93f,
        type: 3}
      propertyPath: m_LocalEulerAnglesHint.y
      value: 0
      objectReference: {fileID: 0}
    - target: {fileID: 7388478535388755947, guid: 81327f66af044e94592464ff7f51e93f,
        type: 3}
      propertyPath: m_LocalEulerAnglesHint.z
      value: 0
      objectReference: {fileID: 0}
    - target: {fileID: 7388478535388755947, guid: 81327f66af044e94592464ff7f51e93f,
        type: 3}
      propertyPath: m_LocalScale.x
      value: 2
      objectReference: {fileID: 0}
    - target: {fileID: 7388478535388755947, guid: 81327f66af044e94592464ff7f51e93f,
        type: 3}
      propertyPath: m_LocalScale.y
      value: 2
      objectReference: {fileID: 0}
    m_RemovedComponents: []
  m_SourcePrefab: {fileID: 100100000, guid: 81327f66af044e94592464ff7f51e93f, type: 3}
--- !u!1 &102779063
GameObject:
  m_ObjectHideFlags: 0
  m_CorrespondingSourceObject: {fileID: 0}
  m_PrefabInstance: {fileID: 0}
  m_PrefabAsset: {fileID: 0}
  serializedVersion: 6
  m_Component:
  - component: {fileID: 102779064}
  m_Layer: 0
  m_Name: Environment
  m_TagString: Untagged
  m_Icon: {fileID: 0}
  m_NavMeshLayer: 0
  m_StaticEditorFlags: 0
  m_IsActive: 1
--- !u!4 &102779064
Transform:
  m_ObjectHideFlags: 0
  m_CorrespondingSourceObject: {fileID: 0}
  m_PrefabInstance: {fileID: 0}
  m_PrefabAsset: {fileID: 0}
  m_GameObject: {fileID: 102779063}
  m_LocalRotation: {x: 0, y: 0, z: 0, w: 1}
  m_LocalPosition: {x: 0, y: 0, z: 0}
  m_LocalScale: {x: 1, y: 1, z: 1}
  m_Children:
  - {fileID: 717903448}
  - {fileID: 955022044}
  - {fileID: 1370947408}
  m_Father: {fileID: 0}
  m_RootOrder: 3
  m_LocalEulerAnglesHint: {x: 0, y: 0, z: 0}
--- !u!4 &199822449 stripped
Transform:
  m_CorrespondingSourceObject: {fileID: 7388478535388755947, guid: 81327f66af044e94592464ff7f51e93f,
    type: 3}
  m_PrefabInstance: {fileID: 26194008}
  m_PrefabAsset: {fileID: 0}
--- !u!4 &207015190 stripped
Transform:
  m_CorrespondingSourceObject: {fileID: 2824972876073738710, guid: 6d3423b3d0f50874d99e82edc1d1c3d4,
    type: 3}
  m_PrefabInstance: {fileID: 1962170144}
  m_PrefabAsset: {fileID: 0}
--- !u!114 &207015191 stripped
MonoBehaviour:
  m_CorrespondingSourceObject: {fileID: 2824972876073738707, guid: 6d3423b3d0f50874d99e82edc1d1c3d4,
    type: 3}
  m_PrefabInstance: {fileID: 1962170144}
  m_PrefabAsset: {fileID: 0}
  m_GameObject: {fileID: 0}
  m_Enabled: 1
  m_EditorHideFlags: 0
  m_Script: {fileID: 11500000, guid: 43fc4eb8e24459041a6054cc4ef21289, type: 3}
  m_Name: 
  m_EditorClassIdentifier: 
--- !u!4 &207733988 stripped
Transform:
  m_CorrespondingSourceObject: {fileID: 7388478535388755947, guid: 81327f66af044e94592464ff7f51e93f,
    type: 3}
  m_PrefabInstance: {fileID: 679447495}
  m_PrefabAsset: {fileID: 0}
--- !u!4 &217979716 stripped
Transform:
  m_CorrespondingSourceObject: {fileID: 7388478535388755947, guid: 81327f66af044e94592464ff7f51e93f,
    type: 3}
  m_PrefabInstance: {fileID: 33081698}
  m_PrefabAsset: {fileID: 0}
--- !u!1001 &274094580
PrefabInstance:
  m_ObjectHideFlags: 0
  serializedVersion: 2
  m_Modification:
    m_TransformParent: {fileID: 1370947408}
    m_Modifications:
    - target: {fileID: 7388478535388755946, guid: 81327f66af044e94592464ff7f51e93f,
        type: 3}
      propertyPath: m_Name
      value: Wood (1)
      objectReference: {fileID: 0}
    - target: {fileID: 7388478535388755947, guid: 81327f66af044e94592464ff7f51e93f,
        type: 3}
      propertyPath: m_LocalPosition.x
      value: 4.5
      objectReference: {fileID: 0}
    - target: {fileID: 7388478535388755947, guid: 81327f66af044e94592464ff7f51e93f,
        type: 3}
      propertyPath: m_LocalPosition.y
      value: -3.7
      objectReference: {fileID: 0}
    - target: {fileID: 7388478535388755947, guid: 81327f66af044e94592464ff7f51e93f,
        type: 3}
      propertyPath: m_LocalPosition.z
      value: 0
      objectReference: {fileID: 0}
    - target: {fileID: 7388478535388755947, guid: 81327f66af044e94592464ff7f51e93f,
        type: 3}
      propertyPath: m_LocalRotation.x
      value: 0
      objectReference: {fileID: 0}
    - target: {fileID: 7388478535388755947, guid: 81327f66af044e94592464ff7f51e93f,
        type: 3}
      propertyPath: m_LocalRotation.y
      value: 0
      objectReference: {fileID: 0}
    - target: {fileID: 7388478535388755947, guid: 81327f66af044e94592464ff7f51e93f,
        type: 3}
      propertyPath: m_LocalRotation.z
      value: -0.30070576
      objectReference: {fileID: 0}
    - target: {fileID: 7388478535388755947, guid: 81327f66af044e94592464ff7f51e93f,
        type: 3}
      propertyPath: m_LocalRotation.w
      value: 0.953717
      objectReference: {fileID: 0}
    - target: {fileID: 7388478535388755947, guid: 81327f66af044e94592464ff7f51e93f,
        type: 3}
      propertyPath: m_RootOrder
      value: 1
      objectReference: {fileID: 0}
    - target: {fileID: 7388478535388755947, guid: 81327f66af044e94592464ff7f51e93f,
        type: 3}
      propertyPath: m_LocalEulerAnglesHint.x
      value: 0
      objectReference: {fileID: 0}
    - target: {fileID: 7388478535388755947, guid: 81327f66af044e94592464ff7f51e93f,
        type: 3}
      propertyPath: m_LocalEulerAnglesHint.y
      value: 0
      objectReference: {fileID: 0}
    - target: {fileID: 7388478535388755947, guid: 81327f66af044e94592464ff7f51e93f,
        type: 3}
      propertyPath: m_LocalEulerAnglesHint.z
      value: -35
      objectReference: {fileID: 0}
    m_RemovedComponents: []
  m_SourcePrefab: {fileID: 100100000, guid: 81327f66af044e94592464ff7f51e93f, type: 3}
--- !u!1001 &327311147
PrefabInstance:
  m_ObjectHideFlags: 0
  serializedVersion: 2
  m_Modification:
    m_TransformParent: {fileID: 1370947408}
    m_Modifications:
    - target: {fileID: 7388478535388755946, guid: 81327f66af044e94592464ff7f51e93f,
        type: 3}
      propertyPath: m_Name
      value: Wood (3)
      objectReference: {fileID: 0}
    - target: {fileID: 7388478535388755947, guid: 81327f66af044e94592464ff7f51e93f,
        type: 3}
      propertyPath: m_LocalPosition.x
      value: 7.9
      objectReference: {fileID: 0}
    - target: {fileID: 7388478535388755947, guid: 81327f66af044e94592464ff7f51e93f,
        type: 3}
      propertyPath: m_LocalPosition.y
      value: -3.7
      objectReference: {fileID: 0}
    - target: {fileID: 7388478535388755947, guid: 81327f66af044e94592464ff7f51e93f,
        type: 3}
      propertyPath: m_LocalPosition.z
      value: 0
      objectReference: {fileID: 0}
    - target: {fileID: 7388478535388755947, guid: 81327f66af044e94592464ff7f51e93f,
        type: 3}
      propertyPath: m_LocalRotation.x
      value: 0
      objectReference: {fileID: 0}
    - target: {fileID: 7388478535388755947, guid: 81327f66af044e94592464ff7f51e93f,
        type: 3}
      propertyPath: m_LocalRotation.y
      value: 0
      objectReference: {fileID: 0}
    - target: {fileID: 7388478535388755947, guid: 81327f66af044e94592464ff7f51e93f,
        type: 3}
      propertyPath: m_LocalRotation.z
      value: 0.2588191
      objectReference: {fileID: 0}
    - target: {fileID: 7388478535388755947, guid: 81327f66af044e94592464ff7f51e93f,
        type: 3}
      propertyPath: m_LocalRotation.w
      value: 0.9659258
      objectReference: {fileID: 0}
    - target: {fileID: 7388478535388755947, guid: 81327f66af044e94592464ff7f51e93f,
        type: 3}
      propertyPath: m_RootOrder
      value: 3
      objectReference: {fileID: 0}
    - target: {fileID: 7388478535388755947, guid: 81327f66af044e94592464ff7f51e93f,
        type: 3}
      propertyPath: m_LocalEulerAnglesHint.x
      value: 0
      objectReference: {fileID: 0}
    - target: {fileID: 7388478535388755947, guid: 81327f66af044e94592464ff7f51e93f,
        type: 3}
      propertyPath: m_LocalEulerAnglesHint.y
      value: 0
      objectReference: {fileID: 0}
    - target: {fileID: 7388478535388755947, guid: 81327f66af044e94592464ff7f51e93f,
        type: 3}
      propertyPath: m_LocalEulerAnglesHint.z
      value: 30
      objectReference: {fileID: 0}
    m_RemovedComponents: []
  m_SourcePrefab: {fileID: 100100000, guid: 81327f66af044e94592464ff7f51e93f, type: 3}
--- !u!4 &406600955 stripped
Transform:
  m_CorrespondingSourceObject: {fileID: 2824972876073738710, guid: 6d3423b3d0f50874d99e82edc1d1c3d4,
    type: 3}
  m_PrefabInstance: {fileID: 1437698826}
  m_PrefabAsset: {fileID: 0}
--- !u!114 &406600956 stripped
MonoBehaviour:
  m_CorrespondingSourceObject: {fileID: 2824972876073738707, guid: 6d3423b3d0f50874d99e82edc1d1c3d4,
    type: 3}
  m_PrefabInstance: {fileID: 1437698826}
  m_PrefabAsset: {fileID: 0}
  m_GameObject: {fileID: 0}
  m_Enabled: 1
  m_EditorHideFlags: 0
  m_Script: {fileID: 11500000, guid: 43fc4eb8e24459041a6054cc4ef21289, type: 3}
  m_Name: 
  m_EditorClassIdentifier: 
--- !u!4 &426797583 stripped
Transform:
  m_CorrespondingSourceObject: {fileID: 8512262781324922109, guid: ffb28ae408b923043b2be23bb891c8ec,
    type: 3}
  m_PrefabInstance: {fileID: 779660574}
  m_PrefabAsset: {fileID: 0}
--- !u!114 &426797584 stripped
MonoBehaviour:
  m_CorrespondingSourceObject: {fileID: 8512262781324922108, guid: ffb28ae408b923043b2be23bb891c8ec,
    type: 3}
  m_PrefabInstance: {fileID: 779660574}
  m_PrefabAsset: {fileID: 0}
  m_GameObject: {fileID: 0}
  m_Enabled: 1
  m_EditorHideFlags: 0
  m_Script: {fileID: 11500000, guid: 8f699dce5f17e434fa603e6cf1b20a9c, type: 3}
  m_Name: 
  m_EditorClassIdentifier: 
--- !u!1001 &679447495
PrefabInstance:
  m_ObjectHideFlags: 0
  serializedVersion: 2
  m_Modification:
    m_TransformParent: {fileID: 1370947408}
    m_Modifications:
    - target: {fileID: 7388478535388755946, guid: 81327f66af044e94592464ff7f51e93f,
        type: 3}
      propertyPath: m_Name
      value: Wood (2)
      objectReference: {fileID: 0}
    - target: {fileID: 7388478535388755947, guid: 81327f66af044e94592464ff7f51e93f,
        type: 3}
      propertyPath: m_LocalPosition.x
      value: 6.8
      objectReference: {fileID: 0}
    - target: {fileID: 7388478535388755947, guid: 81327f66af044e94592464ff7f51e93f,
        type: 3}
      propertyPath: m_LocalPosition.y
      value: -3.7
      objectReference: {fileID: 0}
    - target: {fileID: 7388478535388755947, guid: 81327f66af044e94592464ff7f51e93f,
        type: 3}
      propertyPath: m_LocalPosition.z
      value: 0
      objectReference: {fileID: 0}
    - target: {fileID: 7388478535388755947, guid: 81327f66af044e94592464ff7f51e93f,
        type: 3}
      propertyPath: m_LocalRotation.x
      value: 0
      objectReference: {fileID: 0}
    - target: {fileID: 7388478535388755947, guid: 81327f66af044e94592464ff7f51e93f,
        type: 3}
      propertyPath: m_LocalRotation.y
      value: 0
      objectReference: {fileID: 0}
    - target: {fileID: 7388478535388755947, guid: 81327f66af044e94592464ff7f51e93f,
        type: 3}
      propertyPath: m_LocalRotation.z
      value: -0.30070576
      objectReference: {fileID: 0}
    - target: {fileID: 7388478535388755947, guid: 81327f66af044e94592464ff7f51e93f,
        type: 3}
      propertyPath: m_LocalRotation.w
      value: 0.953717
      objectReference: {fileID: 0}
    - target: {fileID: 7388478535388755947, guid: 81327f66af044e94592464ff7f51e93f,
        type: 3}
      propertyPath: m_RootOrder
      value: 2
      objectReference: {fileID: 0}
    - target: {fileID: 7388478535388755947, guid: 81327f66af044e94592464ff7f51e93f,
        type: 3}
      propertyPath: m_LocalEulerAnglesHint.x
      value: 0
      objectReference: {fileID: 0}
    - target: {fileID: 7388478535388755947, guid: 81327f66af044e94592464ff7f51e93f,
        type: 3}
      propertyPath: m_LocalEulerAnglesHint.y
      value: 0
      objectReference: {fileID: 0}
    - target: {fileID: 7388478535388755947, guid: 81327f66af044e94592464ff7f51e93f,
        type: 3}
      propertyPath: m_LocalEulerAnglesHint.z
      value: -35
      objectReference: {fileID: 0}
    m_RemovedComponents: []
  m_SourcePrefab: {fileID: 100100000, guid: 81327f66af044e94592464ff7f51e93f, type: 3}
--- !u!1001 &717903447
PrefabInstance:
  m_ObjectHideFlags: 0
  serializedVersion: 2
  m_Modification:
    m_TransformParent: {fileID: 102779064}
    m_Modifications:
    - target: {fileID: 9110734824029250646, guid: 325f1cf913dabf145b5c8d9a9fb24100,
        type: 3}
      propertyPath: m_Name
      value: Background
      objectReference: {fileID: 0}
    - target: {fileID: 9110734824029250647, guid: 325f1cf913dabf145b5c8d9a9fb24100,
        type: 3}
      propertyPath: m_LocalPosition.x
      value: 0
      objectReference: {fileID: 0}
    - target: {fileID: 9110734824029250647, guid: 325f1cf913dabf145b5c8d9a9fb24100,
        type: 3}
      propertyPath: m_LocalPosition.y
      value: 0
      objectReference: {fileID: 0}
    - target: {fileID: 9110734824029250647, guid: 325f1cf913dabf145b5c8d9a9fb24100,
        type: 3}
      propertyPath: m_LocalPosition.z
      value: 0
      objectReference: {fileID: 0}
    - target: {fileID: 9110734824029250647, guid: 325f1cf913dabf145b5c8d9a9fb24100,
        type: 3}
      propertyPath: m_LocalRotation.x
      value: -0
      objectReference: {fileID: 0}
    - target: {fileID: 9110734824029250647, guid: 325f1cf913dabf145b5c8d9a9fb24100,
        type: 3}
      propertyPath: m_LocalRotation.y
      value: -0
      objectReference: {fileID: 0}
    - target: {fileID: 9110734824029250647, guid: 325f1cf913dabf145b5c8d9a9fb24100,
        type: 3}
      propertyPath: m_LocalRotation.z
      value: -0
      objectReference: {fileID: 0}
    - target: {fileID: 9110734824029250647, guid: 325f1cf913dabf145b5c8d9a9fb24100,
        type: 3}
      propertyPath: m_LocalRotation.w
      value: 1
      objectReference: {fileID: 0}
    - target: {fileID: 9110734824029250647, guid: 325f1cf913dabf145b5c8d9a9fb24100,
        type: 3}
      propertyPath: m_RootOrder
      value: 0
      objectReference: {fileID: 0}
    - target: {fileID: 9110734824029250647, guid: 325f1cf913dabf145b5c8d9a9fb24100,
        type: 3}
      propertyPath: m_LocalEulerAnglesHint.x
      value: 0
      objectReference: {fileID: 0}
    - target: {fileID: 9110734824029250647, guid: 325f1cf913dabf145b5c8d9a9fb24100,
        type: 3}
      propertyPath: m_LocalEulerAnglesHint.y
      value: 0
      objectReference: {fileID: 0}
    - target: {fileID: 9110734824029250647, guid: 325f1cf913dabf145b5c8d9a9fb24100,
        type: 3}
      propertyPath: m_LocalEulerAnglesHint.z
      value: 0
      objectReference: {fileID: 0}
    - target: {fileID: 9110734824029250644, guid: 325f1cf913dabf145b5c8d9a9fb24100,
        type: 3}
      propertyPath: m_Sprite
      value: 
      objectReference: {fileID: 21300000, guid: e3d1dcf85ac5f8949b9b42ef421d379b,
        type: 3}
    - target: {fileID: 4832466765347470121, guid: 325f1cf913dabf145b5c8d9a9fb24100,
        type: 3}
      propertyPath: m_LocalPosition.x
      value: 10.11
      objectReference: {fileID: 0}
    - target: {fileID: 4832466763617907041, guid: 325f1cf913dabf145b5c8d9a9fb24100,
        type: 3}
      propertyPath: m_LocalPosition.x
      value: -10.1
      objectReference: {fileID: 0}
    m_RemovedComponents:
    - {fileID: 4832466765581697208, guid: 325f1cf913dabf145b5c8d9a9fb24100, type: 3}
  m_SourcePrefab: {fileID: 100100000, guid: 325f1cf913dabf145b5c8d9a9fb24100, type: 3}
--- !u!4 &717903448 stripped
Transform:
  m_CorrespondingSourceObject: {fileID: 9110734824029250647, guid: 325f1cf913dabf145b5c8d9a9fb24100,
    type: 3}
  m_PrefabInstance: {fileID: 717903447}
  m_PrefabAsset: {fileID: 0}
--- !u!1001 &761350808
PrefabInstance:
  m_ObjectHideFlags: 0
  serializedVersion: 2
  m_Modification:
    m_TransformParent: {fileID: 945775612}
    m_Modifications:
    - target: {fileID: 3875272107122624637, guid: c939541c7832b3b408fbf219a8e9212f,
        type: 3}
      propertyPath: m_Name
      value: Enemy (2)
      objectReference: {fileID: 0}
    - target: {fileID: 3875272107122624638, guid: c939541c7832b3b408fbf219a8e9212f,
        type: 3}
      propertyPath: m_LocalPosition.x
      value: 6.28
      objectReference: {fileID: 0}
    - target: {fileID: 3875272107122624638, guid: c939541c7832b3b408fbf219a8e9212f,
        type: 3}
      propertyPath: m_LocalPosition.y
      value: -2.19
      objectReference: {fileID: 0}
    - target: {fileID: 3875272107122624638, guid: c939541c7832b3b408fbf219a8e9212f,
        type: 3}
      propertyPath: m_LocalPosition.z
      value: 0
      objectReference: {fileID: 0}
    - target: {fileID: 3875272107122624638, guid: c939541c7832b3b408fbf219a8e9212f,
        type: 3}
      propertyPath: m_LocalRotation.x
      value: 0
      objectReference: {fileID: 0}
    - target: {fileID: 3875272107122624638, guid: c939541c7832b3b408fbf219a8e9212f,
        type: 3}
      propertyPath: m_LocalRotation.y
      value: 0
      objectReference: {fileID: 0}
    - target: {fileID: 3875272107122624638, guid: c939541c7832b3b408fbf219a8e9212f,
        type: 3}
      propertyPath: m_LocalRotation.z
      value: 0
      objectReference: {fileID: 0}
    - target: {fileID: 3875272107122624638, guid: c939541c7832b3b408fbf219a8e9212f,
        type: 3}
      propertyPath: m_LocalRotation.w
      value: 1
      objectReference: {fileID: 0}
    - target: {fileID: 3875272107122624638, guid: c939541c7832b3b408fbf219a8e9212f,
        type: 3}
      propertyPath: m_RootOrder
      value: 2
      objectReference: {fileID: 0}
    - target: {fileID: 3875272107122624638, guid: c939541c7832b3b408fbf219a8e9212f,
        type: 3}
      propertyPath: m_LocalEulerAnglesHint.x
      value: 0
      objectReference: {fileID: 0}
    - target: {fileID: 3875272107122624638, guid: c939541c7832b3b408fbf219a8e9212f,
        type: 3}
      propertyPath: m_LocalEulerAnglesHint.y
      value: 0
      objectReference: {fileID: 0}
    - target: {fileID: 3875272107122624638, guid: c939541c7832b3b408fbf219a8e9212f,
        type: 3}
      propertyPath: m_LocalEulerAnglesHint.z
      value: 0
      objectReference: {fileID: 0}
    m_RemovedComponents: []
  m_SourcePrefab: {fileID: 100100000, guid: c939541c7832b3b408fbf219a8e9212f, type: 3}
--- !u!1001 &762584575
PrefabInstance:
  m_ObjectHideFlags: 0
  serializedVersion: 2
  m_Modification:
    m_TransformParent: {fileID: 1370947408}
    m_Modifications:
    - target: {fileID: 7388478535388755946, guid: 81327f66af044e94592464ff7f51e93f,
        type: 3}
      propertyPath: m_Name
      value: Wood
      objectReference: {fileID: 0}
    - target: {fileID: 7388478535388755947, guid: 81327f66af044e94592464ff7f51e93f,
        type: 3}
      propertyPath: m_LocalPosition.x
      value: 5.65
      objectReference: {fileID: 0}
    - target: {fileID: 7388478535388755947, guid: 81327f66af044e94592464ff7f51e93f,
        type: 3}
      propertyPath: m_LocalPosition.y
      value: -3.7
      objectReference: {fileID: 0}
    - target: {fileID: 7388478535388755947, guid: 81327f66af044e94592464ff7f51e93f,
        type: 3}
      propertyPath: m_LocalPosition.z
      value: 0
      objectReference: {fileID: 0}
    - target: {fileID: 7388478535388755947, guid: 81327f66af044e94592464ff7f51e93f,
        type: 3}
      propertyPath: m_LocalRotation.x
      value: 0
      objectReference: {fileID: 0}
    - target: {fileID: 7388478535388755947, guid: 81327f66af044e94592464ff7f51e93f,
        type: 3}
      propertyPath: m_LocalRotation.y
      value: 0
      objectReference: {fileID: 0}
    - target: {fileID: 7388478535388755947, guid: 81327f66af044e94592464ff7f51e93f,
        type: 3}
      propertyPath: m_LocalRotation.z
      value: 0.2588191
      objectReference: {fileID: 0}
    - target: {fileID: 7388478535388755947, guid: 81327f66af044e94592464ff7f51e93f,
        type: 3}
      propertyPath: m_LocalRotation.w
      value: 0.9659258
      objectReference: {fileID: 0}
    - target: {fileID: 7388478535388755947, guid: 81327f66af044e94592464ff7f51e93f,
        type: 3}
      propertyPath: m_RootOrder
      value: 0
      objectReference: {fileID: 0}
    - target: {fileID: 7388478535388755947, guid: 81327f66af044e94592464ff7f51e93f,
        type: 3}
      propertyPath: m_LocalEulerAnglesHint.x
      value: 0
      objectReference: {fileID: 0}
    - target: {fileID: 7388478535388755947, guid: 81327f66af044e94592464ff7f51e93f,
        type: 3}
      propertyPath: m_LocalEulerAnglesHint.y
      value: 0
      objectReference: {fileID: 0}
    - target: {fileID: 7388478535388755947, guid: 81327f66af044e94592464ff7f51e93f,
        type: 3}
      propertyPath: m_LocalEulerAnglesHint.z
      value: 30
      objectReference: {fileID: 0}
    m_RemovedComponents: []
  m_SourcePrefab: {fileID: 100100000, guid: 81327f66af044e94592464ff7f51e93f, type: 3}
--- !u!4 &762584576 stripped
Transform:
  m_CorrespondingSourceObject: {fileID: 7388478535388755947, guid: 81327f66af044e94592464ff7f51e93f,
    type: 3}
  m_PrefabInstance: {fileID: 762584575}
  m_PrefabAsset: {fileID: 0}
--- !u!1001 &779660574
PrefabInstance:
  m_ObjectHideFlags: 0
  serializedVersion: 2
  m_Modification:
    m_TransformParent: {fileID: 2127289065}
    m_Modifications:
    - target: {fileID: 8512262781324922082, guid: ffb28ae408b923043b2be23bb891c8ec,
        type: 3}
      propertyPath: m_Name
      value: BlackBird
      objectReference: {fileID: 0}
    - target: {fileID: 8512262781324922109, guid: ffb28ae408b923043b2be23bb891c8ec,
        type: 3}
      propertyPath: m_LocalPosition.x
      value: -7.35
      objectReference: {fileID: 0}
    - target: {fileID: 8512262781324922109, guid: ffb28ae408b923043b2be23bb891c8ec,
        type: 3}
      propertyPath: m_LocalPosition.y
      value: -2.87
      objectReference: {fileID: 0}
    - target: {fileID: 8512262781324922109, guid: ffb28ae408b923043b2be23bb891c8ec,
        type: 3}
      propertyPath: m_LocalPosition.z
      value: 0.02722773
      objectReference: {fileID: 0}
    - target: {fileID: 8512262781324922109, guid: ffb28ae408b923043b2be23bb891c8ec,
        type: 3}
      propertyPath: m_LocalRotation.x
      value: -0
      objectReference: {fileID: 0}
    - target: {fileID: 8512262781324922109, guid: ffb28ae408b923043b2be23bb891c8ec,
        type: 3}
      propertyPath: m_LocalRotation.y
      value: -0
      objectReference: {fileID: 0}
    - target: {fileID: 8512262781324922109, guid: ffb28ae408b923043b2be23bb891c8ec,
        type: 3}
      propertyPath: m_LocalRotation.z
      value: -0
      objectReference: {fileID: 0}
    - target: {fileID: 8512262781324922109, guid: ffb28ae408b923043b2be23bb891c8ec,
        type: 3}
      propertyPath: m_LocalRotation.w
      value: 1
      objectReference: {fileID: 0}
    - target: {fileID: 8512262781324922109, guid: ffb28ae408b923043b2be23bb891c8ec,
        type: 3}
      propertyPath: m_RootOrder
      value: 2
      objectReference: {fileID: 0}
    - target: {fileID: 8512262781324922109, guid: ffb28ae408b923043b2be23bb891c8ec,
        type: 3}
      propertyPath: m_LocalEulerAnglesHint.x
      value: 0
      objectReference: {fileID: 0}
    - target: {fileID: 8512262781324922109, guid: ffb28ae408b923043b2be23bb891c8ec,
        type: 3}
      propertyPath: m_LocalEulerAnglesHint.y
      value: 0
      objectReference: {fileID: 0}
    - target: {fileID: 8512262781324922109, guid: ffb28ae408b923043b2be23bb891c8ec,
        type: 3}
      propertyPath: m_LocalEulerAnglesHint.z
      value: 0
      objectReference: {fileID: 0}
    - target: {fileID: 8512262781324922108, guid: ffb28ae408b923043b2be23bb891c8ec,
        type: 3}
      propertyPath: _boomForce
      value: 6000
      objectReference: {fileID: 0}
    m_RemovedComponents: []
  m_SourcePrefab: {fileID: 100100000, guid: ffb28ae408b923043b2be23bb891c8ec, type: 3}
--- !u!4 &896084151 stripped
Transform:
  m_CorrespondingSourceObject: {fileID: 3875272107122624638, guid: c939541c7832b3b408fbf219a8e9212f,
    type: 3}
  m_PrefabInstance: {fileID: 1093353383}
  m_PrefabAsset: {fileID: 0}
--- !u!114 &896084152 stripped
MonoBehaviour:
  m_CorrespondingSourceObject: {fileID: 3875272107122624626, guid: c939541c7832b3b408fbf219a8e9212f,
    type: 3}
  m_PrefabInstance: {fileID: 1093353383}
  m_PrefabAsset: {fileID: 0}
  m_GameObject: {fileID: 0}
  m_Enabled: 1
  m_EditorHideFlags: 0
  m_Script: {fileID: 11500000, guid: 2a92aae0be975e44b921d285eb413e9c, type: 3}
  m_Name: 
  m_EditorClassIdentifier: 
--- !u!1 &945775611
GameObject:
  m_ObjectHideFlags: 0
  m_CorrespondingSourceObject: {fileID: 0}
  m_PrefabInstance: {fileID: 0}
  m_PrefabAsset: {fileID: 0}
  serializedVersion: 6
  m_Component:
  - component: {fileID: 945775612}
  m_Layer: 0
  m_Name: Enemies
  m_TagString: Untagged
  m_Icon: {fileID: 0}
  m_NavMeshLayer: 0
  m_StaticEditorFlags: 0
  m_IsActive: 1
--- !u!4 &945775612
Transform:
  m_ObjectHideFlags: 0
  m_CorrespondingSourceObject: {fileID: 0}
  m_PrefabInstance: {fileID: 0}
  m_PrefabAsset: {fileID: 0}
  m_GameObject: {fileID: 945775611}
  m_LocalRotation: {x: 0, y: 0, z: 0, w: 1}
  m_LocalPosition: {x: 0, y: 0, z: -0.08193775}
  m_LocalScale: {x: 1, y: 1, z: 1}
  m_Children:
  - {fileID: 1550267269}
  - {fileID: 896084151}
  - {fileID: 2093395197}
  m_Father: {fileID: 0}
  m_RootOrder: 4
  m_LocalEulerAnglesHint: {x: 0, y: 0, z: 0}
--- !u!1001 &955022043
PrefabInstance:
  m_ObjectHideFlags: 0
  serializedVersion: 2
  m_Modification:
    m_TransformParent: {fileID: 102779064}
    m_Modifications:
    - target: {fileID: 6073959180627311452, guid: 0eedaa7022982074385e4e201c43d786,
        type: 3}
      propertyPath: m_Name
      value: Slingshot
      objectReference: {fileID: 0}
    - target: {fileID: 6073959180627311455, guid: 0eedaa7022982074385e4e201c43d786,
        type: 3}
      propertyPath: m_LocalPosition.x
      value: -5.62
      objectReference: {fileID: 0}
    - target: {fileID: 6073959180627311455, guid: 0eedaa7022982074385e4e201c43d786,
        type: 3}
      propertyPath: m_LocalPosition.y
      value: -3.66
      objectReference: {fileID: 0}
    - target: {fileID: 6073959180627311455, guid: 0eedaa7022982074385e4e201c43d786,
        type: 3}
      propertyPath: m_LocalPosition.z
      value: 0.03713969
      objectReference: {fileID: 0}
    - target: {fileID: 6073959180627311455, guid: 0eedaa7022982074385e4e201c43d786,
        type: 3}
      propertyPath: m_LocalRotation.x
      value: -0
      objectReference: {fileID: 0}
    - target: {fileID: 6073959180627311455, guid: 0eedaa7022982074385e4e201c43d786,
        type: 3}
      propertyPath: m_LocalRotation.y
      value: -0
      objectReference: {fileID: 0}
    - target: {fileID: 6073959180627311455, guid: 0eedaa7022982074385e4e201c43d786,
        type: 3}
      propertyPath: m_LocalRotation.z
      value: -0
      objectReference: {fileID: 0}
    - target: {fileID: 6073959180627311455, guid: 0eedaa7022982074385e4e201c43d786,
        type: 3}
      propertyPath: m_LocalRotation.w
      value: 1
      objectReference: {fileID: 0}
    - target: {fileID: 6073959180627311455, guid: 0eedaa7022982074385e4e201c43d786,
        type: 3}
      propertyPath: m_RootOrder
      value: 1
      objectReference: {fileID: 0}
    - target: {fileID: 6073959180627311455, guid: 0eedaa7022982074385e4e201c43d786,
        type: 3}
      propertyPath: m_LocalEulerAnglesHint.x
      value: 0
      objectReference: {fileID: 0}
    - target: {fileID: 6073959180627311455, guid: 0eedaa7022982074385e4e201c43d786,
        type: 3}
      propertyPath: m_LocalEulerAnglesHint.y
      value: 0
      objectReference: {fileID: 0}
    - target: {fileID: 6073959180627311455, guid: 0eedaa7022982074385e4e201c43d786,
        type: 3}
      propertyPath: m_LocalEulerAnglesHint.z
      value: 0
      objectReference: {fileID: 0}
    - target: {fileID: 8099235296305194341, guid: 0eedaa7022982074385e4e201c43d786,
        type: 3}
      propertyPath: m_Volume
      value: 0.3
      objectReference: {fileID: 0}
    m_RemovedComponents: []
  m_SourcePrefab: {fileID: 100100000, guid: 0eedaa7022982074385e4e201c43d786, type: 3}
--- !u!4 &955022044 stripped
Transform:
  m_CorrespondingSourceObject: {fileID: 6073959180627311455, guid: 0eedaa7022982074385e4e201c43d786,
    type: 3}
  m_PrefabInstance: {fileID: 955022043}
  m_PrefabAsset: {fileID: 0}
--- !u!1001 &1093353383
PrefabInstance:
  m_ObjectHideFlags: 0
  serializedVersion: 2
  m_Modification:
    m_TransformParent: {fileID: 945775612}
    m_Modifications:
    - target: {fileID: 3875272107122624637, guid: c939541c7832b3b408fbf219a8e9212f,
        type: 3}
      propertyPath: m_Name
      value: Enemy (1)
      objectReference: {fileID: 0}
    - target: {fileID: 3875272107122624638, guid: c939541c7832b3b408fbf219a8e9212f,
        type: 3}
      propertyPath: m_LocalPosition.x
      value: 6.83
      objectReference: {fileID: 0}
    - target: {fileID: 3875272107122624638, guid: c939541c7832b3b408fbf219a8e9212f,
        type: 3}
      propertyPath: m_LocalPosition.y
      value: 1.41
      objectReference: {fileID: 0}
    - target: {fileID: 3875272107122624638, guid: c939541c7832b3b408fbf219a8e9212f,
        type: 3}
      propertyPath: m_LocalPosition.z
      value: 0
      objectReference: {fileID: 0}
    - target: {fileID: 3875272107122624638, guid: c939541c7832b3b408fbf219a8e9212f,
        type: 3}
      propertyPath: m_LocalRotation.x
      value: 0
      objectReference: {fileID: 0}
    - target: {fileID: 3875272107122624638, guid: c939541c7832b3b408fbf219a8e9212f,
        type: 3}
      propertyPath: m_LocalRotation.y
      value: 0
      objectReference: {fileID: 0}
    - target: {fileID: 3875272107122624638, guid: c939541c7832b3b408fbf219a8e9212f,
        type: 3}
      propertyPath: m_LocalRotation.z
      value: 0
      objectReference: {fileID: 0}
    - target: {fileID: 3875272107122624638, guid: c939541c7832b3b408fbf219a8e9212f,
        type: 3}
      propertyPath: m_LocalRotation.w
      value: 1
      objectReference: {fileID: 0}
    - target: {fileID: 3875272107122624638, guid: c939541c7832b3b408fbf219a8e9212f,
        type: 3}
      propertyPath: m_RootOrder
      value: 1
      objectReference: {fileID: 0}
    - target: {fileID: 3875272107122624638, guid: c939541c7832b3b408fbf219a8e9212f,
        type: 3}
      propertyPath: m_LocalEulerAnglesHint.x
      value: 0
      objectReference: {fileID: 0}
    - target: {fileID: 3875272107122624638, guid: c939541c7832b3b408fbf219a8e9212f,
        type: 3}
      propertyPath: m_LocalEulerAnglesHint.y
      value: 0
      objectReference: {fileID: 0}
    - target: {fileID: 3875272107122624638, guid: c939541c7832b3b408fbf219a8e9212f,
        type: 3}
      propertyPath: m_LocalEulerAnglesHint.z
      value: 0
      objectReference: {fileID: 0}
    m_RemovedComponents: []
  m_SourcePrefab: {fileID: 100100000, guid: c939541c7832b3b408fbf219a8e9212f, type: 3}
--- !u!4 &1201055176 stripped
Transform:
  m_CorrespondingSourceObject: {fileID: 7388478535388755947, guid: 81327f66af044e94592464ff7f51e93f,
    type: 3}
  m_PrefabInstance: {fileID: 54400993}
  m_PrefabAsset: {fileID: 0}
--- !u!114 &1367412192 stripped
MonoBehaviour:
  m_CorrespondingSourceObject: {fileID: 7580827386572964622, guid: 0eedaa7022982074385e4e201c43d786,
    type: 3}
  m_PrefabInstance: {fileID: 955022043}
  m_PrefabAsset: {fileID: 0}
  m_GameObject: {fileID: 0}
  m_Enabled: 1
  m_EditorHideFlags: 0
  m_Script: {fileID: 11500000, guid: a500d5023b3a4d640abb1b1abf21ec87, type: 3}
  m_Name: 
  m_EditorClassIdentifier: 
--- !u!1 &1370947407
GameObject:
  m_ObjectHideFlags: 0
  m_CorrespondingSourceObject: {fileID: 0}
  m_PrefabInstance: {fileID: 0}
  m_PrefabAsset: {fileID: 0}
  serializedVersion: 6
  m_Component:
  - component: {fileID: 1370947408}
  m_Layer: 0
  m_Name: Woods
  m_TagString: Untagged
  m_Icon: {fileID: 0}
  m_NavMeshLayer: 0
  m_StaticEditorFlags: 0
  m_IsActive: 1
--- !u!4 &1370947408
Transform:
  m_ObjectHideFlags: 0
  m_CorrespondingSourceObject: {fileID: 0}
  m_PrefabInstance: {fileID: 0}
  m_PrefabAsset: {fileID: 0}
  m_GameObject: {fileID: 1370947407}
  m_LocalRotation: {x: 0, y: 0, z: 0, w: 1}
  m_LocalPosition: {x: 0, y: 0, z: 0}
  m_LocalScale: {x: 1, y: 1, z: 1}
  m_Children:
  - {fileID: 762584576}
  - {fileID: 1971797792}
  - {fileID: 207733988}
  - {fileID: 1947666510}
  - {fileID: 217979716}
  - {fileID: 1201055176}
  - {fileID: 2096730568}
  - {fileID: 199822449}
  - {fileID: 2010102336}
  m_Father: {fileID: 102779064}
  m_RootOrder: 2
  m_LocalEulerAnglesHint: {x: 0, y: 0, z: 0}
--- !u!1 &1398390233 stripped
GameObject:
  m_CorrespondingSourceObject: {fileID: 9110734824029250646, guid: 325f1cf913dabf145b5c8d9a9fb24100,
    type: 3}
  m_PrefabInstance: {fileID: 717903447}
  m_PrefabAsset: {fileID: 0}
--- !u!61 &1398390234
BoxCollider2D:
  m_ObjectHideFlags: 0
  m_CorrespondingSourceObject: {fileID: 0}
  m_PrefabInstance: {fileID: 0}
  m_PrefabAsset: {fileID: 0}
  m_GameObject: {fileID: 1398390233}
  m_Enabled: 1
  m_Density: 1
  m_Material: {fileID: 0}
  m_IsTrigger: 0
  m_UsedByEffector: 0
  m_UsedByComposite: 0
  m_Offset: {x: 0, y: -4.969253}
  m_SpriteTilingProperty:
    border: {x: 0, y: 0, z: 0, w: 0}
    pivot: {x: 0.5, y: 0.5}
    oldSize: {x: 19.2, y: 10.8}
    newSize: {x: 25.6, y: 14.4}
    adaptiveTilingThreshold: 0.5
    drawMode: 0
    adaptiveTiling: 0
  m_AutoTiling: 0
  serializedVersion: 2
  m_Size: {x: 19.2, y: 0.86149406}
  m_EdgeRadius: 0
--- !u!1001 &1437698826
PrefabInstance:
  m_ObjectHideFlags: 0
  serializedVersion: 2
  m_Modification:
    m_TransformParent: {fileID: 2127289065}
    m_Modifications:
    - target: {fileID: 2824972876073738708, guid: 6d3423b3d0f50874d99e82edc1d1c3d4,
        type: 3}
      propertyPath: m_Name
      value: RedBird
      objectReference: {fileID: 0}
    - target: {fileID: 2824972876073738710, guid: 6d3423b3d0f50874d99e82edc1d1c3d4,
        type: 3}
      propertyPath: m_LocalPosition.x
      value: -6.54
      objectReference: {fileID: 0}
    - target: {fileID: 2824972876073738710, guid: 6d3423b3d0f50874d99e82edc1d1c3d4,
        type: 3}
      propertyPath: m_LocalPosition.y
      value: -2.86
      objectReference: {fileID: 0}
    - target: {fileID: 2824972876073738710, guid: 6d3423b3d0f50874d99e82edc1d1c3d4,
        type: 3}
      propertyPath: m_LocalPosition.z
      value: 0.02722773
      objectReference: {fileID: 0}
    - target: {fileID: 2824972876073738710, guid: 6d3423b3d0f50874d99e82edc1d1c3d4,
        type: 3}
      propertyPath: m_LocalRotation.x
      value: -0
      objectReference: {fileID: 0}
    - target: {fileID: 2824972876073738710, guid: 6d3423b3d0f50874d99e82edc1d1c3d4,
        type: 3}
      propertyPath: m_LocalRotation.y
      value: -0
      objectReference: {fileID: 0}
    - target: {fileID: 2824972876073738710, guid: 6d3423b3d0f50874d99e82edc1d1c3d4,
        type: 3}
      propertyPath: m_LocalRotation.z
      value: -0
      objectReference: {fileID: 0}
    - target: {fileID: 2824972876073738710, guid: 6d3423b3d0f50874d99e82edc1d1c3d4,
        type: 3}
      propertyPath: m_LocalRotation.w
      value: 1
      objectReference: {fileID: 0}
    - target: {fileID: 2824972876073738710, guid: 6d3423b3d0f50874d99e82edc1d1c3d4,
        type: 3}
      propertyPath: m_RootOrder
      value: 1
      objectReference: {fileID: 0}
    - target: {fileID: 2824972876073738710, guid: 6d3423b3d0f50874d99e82edc1d1c3d4,
        type: 3}
      propertyPath: m_LocalEulerAnglesHint.x
      value: 0
      objectReference: {fileID: 0}
    - target: {fileID: 2824972876073738710, guid: 6d3423b3d0f50874d99e82edc1d1c3d4,
        type: 3}
      propertyPath: m_LocalEulerAnglesHint.y
      value: 0
      objectReference: {fileID: 0}
    - target: {fileID: 2824972876073738710, guid: 6d3423b3d0f50874d99e82edc1d1c3d4,
        type: 3}
      propertyPath: m_LocalEulerAnglesHint.z
      value: 0
      objectReference: {fileID: 0}
    m_RemovedComponents: []
  m_SourcePrefab: {fileID: 100100000, guid: 6d3423b3d0f50874d99e82edc1d1c3d4, type: 3}
--- !u!114 &1442181125 stripped
MonoBehaviour:
  m_CorrespondingSourceObject: {fileID: 5968376081187433520, guid: 4a7739532dee4b44a804375dbfcfb305,
    type: 3}
  m_PrefabInstance: {fileID: 42727016}
  m_PrefabAsset: {fileID: 0}
  m_GameObject: {fileID: 0}
  m_Enabled: 1
  m_EditorHideFlags: 0
  m_Script: {fileID: 11500000, guid: 61163fbc712f03947ba0d53f75c47b93, type: 3}
  m_Name: 
  m_EditorClassIdentifier: 
--- !u!1001 &1473480253
PrefabInstance:
  m_ObjectHideFlags: 0
  serializedVersion: 2
  m_Modification:
    m_TransformParent: {fileID: 1370947408}
    m_Modifications:
    - target: {fileID: 7388478535388755946, guid: 81327f66af044e94592464ff7f51e93f,
        type: 3}
      propertyPath: m_Name
      value: Wood (9)
      objectReference: {fileID: 0}
    - target: {fileID: 7388478535388755947, guid: 81327f66af044e94592464ff7f51e93f,
        type: 3}
      propertyPath: m_LocalPosition.x
      value: 4
      objectReference: {fileID: 0}
    - target: {fileID: 7388478535388755947, guid: 81327f66af044e94592464ff7f51e93f,
        type: 3}
      propertyPath: m_LocalPosition.y
      value: -3.7
      objectReference: {fileID: 0}
    - target: {fileID: 7388478535388755947, guid: 81327f66af044e94592464ff7f51e93f,
        type: 3}
      propertyPath: m_LocalPosition.z
      value: 0
      objectReference: {fileID: 0}
    - target: {fileID: 7388478535388755947, guid: 81327f66af044e94592464ff7f51e93f,
        type: 3}
      propertyPath: m_LocalRotation.x
      value: 0
      objectReference: {fileID: 0}
    - target: {fileID: 7388478535388755947, guid: 81327f66af044e94592464ff7f51e93f,
        type: 3}
      propertyPath: m_LocalRotation.y
      value: 0
      objectReference: {fileID: 0}
    - target: {fileID: 7388478535388755947, guid: 81327f66af044e94592464ff7f51e93f,
        type: 3}
      propertyPath: m_LocalRotation.z
      value: -0.30070576
      objectReference: {fileID: 0}
    - target: {fileID: 7388478535388755947, guid: 81327f66af044e94592464ff7f51e93f,
        type: 3}
      propertyPath: m_LocalRotation.w
      value: 0.953717
      objectReference: {fileID: 0}
    - target: {fileID: 7388478535388755947, guid: 81327f66af044e94592464ff7f51e93f,
        type: 3}
      propertyPath: m_RootOrder
      value: 8
      objectReference: {fileID: 0}
    - target: {fileID: 7388478535388755947, guid: 81327f66af044e94592464ff7f51e93f,
        type: 3}
      propertyPath: m_LocalEulerAnglesHint.x
      value: 0
      objectReference: {fileID: 0}
    - target: {fileID: 7388478535388755947, guid: 81327f66af044e94592464ff7f51e93f,
        type: 3}
      propertyPath: m_LocalEulerAnglesHint.y
      value: 0
      objectReference: {fileID: 0}
    - target: {fileID: 7388478535388755947, guid: 81327f66af044e94592464ff7f51e93f,
        type: 3}
      propertyPath: m_LocalEulerAnglesHint.z
      value: -35
      objectReference: {fileID: 0}
    m_RemovedComponents: []
  m_SourcePrefab: {fileID: 100100000, guid: 81327f66af044e94592464ff7f51e93f, type: 3}
--- !u!114 &1499857680 stripped
MonoBehaviour:
  m_CorrespondingSourceObject: {fileID: 3875272107122624626, guid: c939541c7832b3b408fbf219a8e9212f,
    type: 3}
  m_PrefabInstance: {fileID: 1550267268}
  m_PrefabAsset: {fileID: 0}
  m_GameObject: {fileID: 0}
  m_Enabled: 1
  m_EditorHideFlags: 0
  m_Script: {fileID: 11500000, guid: 2a92aae0be975e44b921d285eb413e9c, type: 3}
  m_Name: 
  m_EditorClassIdentifier: 
--- !u!1001 &1550267268
PrefabInstance:
  m_ObjectHideFlags: 0
  serializedVersion: 2
  m_Modification:
    m_TransformParent: {fileID: 945775612}
    m_Modifications:
    - target: {fileID: 3875272107122624637, guid: c939541c7832b3b408fbf219a8e9212f,
        type: 3}
      propertyPath: m_Name
      value: Enemy
      objectReference: {fileID: 0}
    - target: {fileID: 3875272107122624638, guid: c939541c7832b3b408fbf219a8e9212f,
        type: 3}
      propertyPath: m_LocalPosition.x
      value: 5.06
      objectReference: {fileID: 0}
    - target: {fileID: 3875272107122624638, guid: c939541c7832b3b408fbf219a8e9212f,
        type: 3}
      propertyPath: m_LocalPosition.y
      value: -4.06
      objectReference: {fileID: 0}
    - target: {fileID: 3875272107122624638, guid: c939541c7832b3b408fbf219a8e9212f,
        type: 3}
      propertyPath: m_LocalPosition.z
      value: 0
      objectReference: {fileID: 0}
    - target: {fileID: 3875272107122624638, guid: c939541c7832b3b408fbf219a8e9212f,
        type: 3}
      propertyPath: m_LocalRotation.x
      value: 0
      objectReference: {fileID: 0}
    - target: {fileID: 3875272107122624638, guid: c939541c7832b3b408fbf219a8e9212f,
        type: 3}
      propertyPath: m_LocalRotation.y
      value: 0
      objectReference: {fileID: 0}
    - target: {fileID: 3875272107122624638, guid: c939541c7832b3b408fbf219a8e9212f,
        type: 3}
      propertyPath: m_LocalRotation.z
      value: 0
      objectReference: {fileID: 0}
    - target: {fileID: 3875272107122624638, guid: c939541c7832b3b408fbf219a8e9212f,
        type: 3}
      propertyPath: m_LocalRotation.w
      value: 1
      objectReference: {fileID: 0}
    - target: {fileID: 3875272107122624638, guid: c939541c7832b3b408fbf219a8e9212f,
        type: 3}
      propertyPath: m_RootOrder
      value: 0
      objectReference: {fileID: 0}
    - target: {fileID: 3875272107122624638, guid: c939541c7832b3b408fbf219a8e9212f,
        type: 3}
      propertyPath: m_LocalEulerAnglesHint.x
      value: 0
      objectReference: {fileID: 0}
    - target: {fileID: 3875272107122624638, guid: c939541c7832b3b408fbf219a8e9212f,
        type: 3}
      propertyPath: m_LocalEulerAnglesHint.y
      value: 0
      objectReference: {fileID: 0}
    - target: {fileID: 3875272107122624638, guid: c939541c7832b3b408fbf219a8e9212f,
        type: 3}
      propertyPath: m_LocalEulerAnglesHint.z
      value: 0
      objectReference: {fileID: 0}
    m_RemovedComponents: []
  m_SourcePrefab: {fileID: 100100000, guid: c939541c7832b3b408fbf219a8e9212f, type: 3}
--- !u!4 &1550267269 stripped
Transform:
  m_CorrespondingSourceObject: {fileID: 3875272107122624638, guid: c939541c7832b3b408fbf219a8e9212f,
    type: 3}
  m_PrefabInstance: {fileID: 1550267268}
  m_PrefabAsset: {fileID: 0}
--- !u!4 &1568348085 stripped
Transform:
  m_CorrespondingSourceObject: {fileID: 1793485079976900318, guid: 7b3bdef8c36a0ed4fbeb268067bc641f,
    type: 3}
  m_PrefabInstance: {fileID: 2040445581}
  m_PrefabAsset: {fileID: 0}
--- !u!114 &1568348086 stripped
MonoBehaviour:
  m_CorrespondingSourceObject: {fileID: 1793485079976900319, guid: 7b3bdef8c36a0ed4fbeb268067bc641f,
    type: 3}
  m_PrefabInstance: {fileID: 2040445581}
  m_PrefabAsset: {fileID: 0}
  m_GameObject: {fileID: 0}
  m_Enabled: 1
  m_EditorHideFlags: 0
  m_Script: {fileID: 11500000, guid: 2f7158d1cf6763e4396b5707cd38963f, type: 3}
  m_Name: 
  m_EditorClassIdentifier: 
--- !u!1001 &1882556860
PrefabInstance:
  m_ObjectHideFlags: 0
  serializedVersion: 2
  m_Modification:
    m_TransformParent: {fileID: 0}
    m_Modifications:
    - target: {fileID: 3525185112623766835, guid: 02100b6b6f774334c8cac890cf10fb45,
        type: 3}
      propertyPath: m_Name
      value: GameController
      objectReference: {fileID: 0}
    - target: {fileID: 3525185112623766829, guid: 02100b6b6f774334c8cac890cf10fb45,
        type: 3}
      propertyPath: m_LocalPosition.x
      value: 0
      objectReference: {fileID: 0}
    - target: {fileID: 3525185112623766829, guid: 02100b6b6f774334c8cac890cf10fb45,
        type: 3}
      propertyPath: m_LocalPosition.y
      value: 0
      objectReference: {fileID: 0}
    - target: {fileID: 3525185112623766829, guid: 02100b6b6f774334c8cac890cf10fb45,
        type: 3}
      propertyPath: m_LocalPosition.z
      value: 0
      objectReference: {fileID: 0}
    - target: {fileID: 3525185112623766829, guid: 02100b6b6f774334c8cac890cf10fb45,
        type: 3}
      propertyPath: m_LocalRotation.x
      value: 0
      objectReference: {fileID: 0}
    - target: {fileID: 3525185112623766829, guid: 02100b6b6f774334c8cac890cf10fb45,
        type: 3}
      propertyPath: m_LocalRotation.y
      value: 0
      objectReference: {fileID: 0}
    - target: {fileID: 3525185112623766829, guid: 02100b6b6f774334c8cac890cf10fb45,
        type: 3}
      propertyPath: m_LocalRotation.z
      value: 0
      objectReference: {fileID: 0}
    - target: {fileID: 3525185112623766829, guid: 02100b6b6f774334c8cac890cf10fb45,
        type: 3}
      propertyPath: m_LocalRotation.w
      value: 1
      objectReference: {fileID: 0}
    - target: {fileID: 3525185112623766829, guid: 02100b6b6f774334c8cac890cf10fb45,
        type: 3}
      propertyPath: m_RootOrder
      value: 1
      objectReference: {fileID: 0}
    - target: {fileID: 3525185112623766829, guid: 02100b6b6f774334c8cac890cf10fb45,
        type: 3}
      propertyPath: m_LocalEulerAnglesHint.x
      value: 0
      objectReference: {fileID: 0}
    - target: {fileID: 3525185112623766829, guid: 02100b6b6f774334c8cac890cf10fb45,
        type: 3}
      propertyPath: m_LocalEulerAnglesHint.y
      value: 0
      objectReference: {fileID: 0}
    - target: {fileID: 3525185112623766829, guid: 02100b6b6f774334c8cac890cf10fb45,
        type: 3}
      propertyPath: m_LocalEulerAnglesHint.z
      value: 0
      objectReference: {fileID: 0}
    - target: {fileID: 3525185112623766828, guid: 02100b6b6f774334c8cac890cf10fb45,
        type: 3}
      propertyPath: Enemies.Array.size
      value: 3
      objectReference: {fileID: 0}
    - target: {fileID: 3525185112623766828, guid: 02100b6b6f774334c8cac890cf10fb45,
        type: 3}
      propertyPath: Birds.Array.size
      value: 4
      objectReference: {fileID: 0}
    - target: {fileID: 3525185112623766828, guid: 02100b6b6f774334c8cac890cf10fb45,
        type: 3}
      propertyPath: Birds.Array.data[0]
      value: 
      objectReference: {fileID: 1568348086}
    - target: {fileID: 3525185112623766828, guid: 02100b6b6f774334c8cac890cf10fb45,
        type: 3}
      propertyPath: Birds.Array.data[1]
      value: 
      objectReference: {fileID: 406600956}
    - target: {fileID: 3525185112623766828, guid: 02100b6b6f774334c8cac890cf10fb45,
        type: 3}
      propertyPath: Birds.Array.data[2]
      value: 
      objectReference: {fileID: 426797584}
    - target: {fileID: 3525185112623766828, guid: 02100b6b6f774334c8cac890cf10fb45,
        type: 3}
      propertyPath: SlingShooter
      value: 
      objectReference: {fileID: 1367412192}
    - target: {fileID: 3525185112623766828, guid: 02100b6b6f774334c8cac890cf10fb45,
        type: 3}
      propertyPath: TrailController
      value: 
      objectReference: {fileID: 1442181125}
    - target: {fileID: 3525185112623766828, guid: 02100b6b6f774334c8cac890cf10fb45,
        type: 3}
      propertyPath: Enemies.Array.data[0]
      value: 
      objectReference: {fileID: 1499857680}
    - target: {fileID: 3525185112623766828, guid: 02100b6b6f774334c8cac890cf10fb45,
        type: 3}
      propertyPath: Enemies.Array.data[1]
      value: 
      objectReference: {fileID: 896084152}
    - target: {fileID: 3525185112623766828, guid: 02100b6b6f774334c8cac890cf10fb45,
        type: 3}
      propertyPath: Enemies.Array.data[2]
      value: 
      objectReference: {fileID: 2093395198}
    - target: {fileID: 3525185112623766828, guid: 02100b6b6f774334c8cac890cf10fb45,
        type: 3}
      propertyPath: areaToLoad
      value: Win
      objectReference: {fileID: 0}
    - target: {fileID: 3525185112623766828, guid: 02100b6b6f774334c8cac890cf10fb45,
        type: 3}
      propertyPath: nextArea
      value: Win
      objectReference: {fileID: 0}
    - target: {fileID: 3525185112623766828, guid: 02100b6b6f774334c8cac890cf10fb45,
        type: 3}
      propertyPath: Birds.Array.data[3]
      value: 
      objectReference: {fileID: 207015191}
    m_RemovedComponents: []
  m_SourcePrefab: {fileID: 100100000, guid: 02100b6b6f774334c8cac890cf10fb45, type: 3}
--- !u!1 &1901948493
GameObject:
  m_ObjectHideFlags: 0
  m_CorrespondingSourceObject: {fileID: 0}
  m_PrefabInstance: {fileID: 0}
  m_PrefabAsset: {fileID: 0}
  serializedVersion: 6
  m_Component:
  - component: {fileID: 1901948496}
  - component: {fileID: 1901948495}
  - component: {fileID: 1901948494}
  m_Layer: 0
  m_Name: Main Camera
  m_TagString: MainCamera
  m_Icon: {fileID: 0}
  m_NavMeshLayer: 0
  m_StaticEditorFlags: 0
  m_IsActive: 1
--- !u!81 &1901948494
AudioListener:
  m_ObjectHideFlags: 0
  m_CorrespondingSourceObject: {fileID: 0}
  m_PrefabInstance: {fileID: 0}
  m_PrefabAsset: {fileID: 0}
  m_GameObject: {fileID: 1901948493}
  m_Enabled: 1
--- !u!20 &1901948495
Camera:
  m_ObjectHideFlags: 0
  m_CorrespondingSourceObject: {fileID: 0}
  m_PrefabInstance: {fileID: 0}
  m_PrefabAsset: {fileID: 0}
  m_GameObject: {fileID: 1901948493}
  m_Enabled: 1
  serializedVersion: 2
  m_ClearFlags: 1
  m_BackGroundColor: {r: 0.19215687, g: 0.3019608, b: 0.4745098, a: 0}
  m_projectionMatrixMode: 1
  m_SensorSize: {x: 36, y: 24}
  m_LensShift: {x: 0, y: 0}
  m_GateFitMode: 2
  m_FocalLength: 50
  m_NormalizedViewPortRect:
    serializedVersion: 2
    x: 0
    y: 0
    width: 1
    height: 1
  near clip plane: 0.3
  far clip plane: 1000
  field of view: 60
  orthographic: 1
  orthographic size: 5
  m_Depth: -1
  m_CullingMask:
    serializedVersion: 2
    m_Bits: 4294967295
  m_RenderingPath: -1
  m_TargetTexture: {fileID: 0}
  m_TargetDisplay: 0
  m_TargetEye: 3
  m_HDR: 1
  m_AllowMSAA: 1
  m_AllowDynamicResolution: 0
  m_ForceIntoRT: 0
  m_OcclusionCulling: 1
  m_StereoConvergence: 10
  m_StereoSeparation: 0.022
--- !u!4 &1901948496
Transform:
  m_ObjectHideFlags: 0
  m_CorrespondingSourceObject: {fileID: 0}
  m_PrefabInstance: {fileID: 0}
  m_PrefabAsset: {fileID: 0}
  m_GameObject: {fileID: 1901948493}
  m_LocalRotation: {x: 0, y: 0, z: 0, w: 1}
  m_LocalPosition: {x: 0, y: 0, z: -10}
  m_LocalScale: {x: 1, y: 1, z: 1}
  m_Children: []
  m_Father: {fileID: 0}
  m_RootOrder: 0
  m_LocalEulerAnglesHint: {x: 0, y: 0, z: 0}
--- !u!4 &1947666510 stripped
Transform:
  m_CorrespondingSourceObject: {fileID: 7388478535388755947, guid: 81327f66af044e94592464ff7f51e93f,
    type: 3}
  m_PrefabInstance: {fileID: 327311147}
  m_PrefabAsset: {fileID: 0}
--- !u!1001 &1962170144
PrefabInstance:
  m_ObjectHideFlags: 0
  serializedVersion: 2
  m_Modification:
    m_TransformParent: {fileID: 2127289065}
    m_Modifications:
    - target: {fileID: 2824972876073738708, guid: 6d3423b3d0f50874d99e82edc1d1c3d4,
        type: 3}
      propertyPath: m_Name
      value: RedBird (1)
      objectReference: {fileID: 0}
    - target: {fileID: 2824972876073738710, guid: 6d3423b3d0f50874d99e82edc1d1c3d4,
        type: 3}
      propertyPath: m_LocalPosition.x
      value: -8.23
      objectReference: {fileID: 0}
    - target: {fileID: 2824972876073738710, guid: 6d3423b3d0f50874d99e82edc1d1c3d4,
        type: 3}
      propertyPath: m_LocalPosition.y
      value: -2.86
      objectReference: {fileID: 0}
    - target: {fileID: 2824972876073738710, guid: 6d3423b3d0f50874d99e82edc1d1c3d4,
        type: 3}
      propertyPath: m_LocalPosition.z
      value: 0.02722773
      objectReference: {fileID: 0}
    - target: {fileID: 2824972876073738710, guid: 6d3423b3d0f50874d99e82edc1d1c3d4,
        type: 3}
      propertyPath: m_LocalRotation.x
      value: -0
      objectReference: {fileID: 0}
    - target: {fileID: 2824972876073738710, guid: 6d3423b3d0f50874d99e82edc1d1c3d4,
        type: 3}
      propertyPath: m_LocalRotation.y
      value: -0
      objectReference: {fileID: 0}
    - target: {fileID: 2824972876073738710, guid: 6d3423b3d0f50874d99e82edc1d1c3d4,
        type: 3}
      propertyPath: m_LocalRotation.z
      value: -0
      objectReference: {fileID: 0}
    - target: {fileID: 2824972876073738710, guid: 6d3423b3d0f50874d99e82edc1d1c3d4,
        type: 3}
      propertyPath: m_LocalRotation.w
      value: 1
      objectReference: {fileID: 0}
    - target: {fileID: 2824972876073738710, guid: 6d3423b3d0f50874d99e82edc1d1c3d4,
        type: 3}
      propertyPath: m_RootOrder
      value: 3
      objectReference: {fileID: 0}
    - target: {fileID: 2824972876073738710, guid: 6d3423b3d0f50874d99e82edc1d1c3d4,
        type: 3}
      propertyPath: m_LocalEulerAnglesHint.x
      value: 0
      objectReference: {fileID: 0}
    - target: {fileID: 2824972876073738710, guid: 6d3423b3d0f50874d99e82edc1d1c3d4,
        type: 3}
      propertyPath: m_LocalEulerAnglesHint.y
      value: 0
      objectReference: {fileID: 0}
    - target: {fileID: 2824972876073738710, guid: 6d3423b3d0f50874d99e82edc1d1c3d4,
        type: 3}
      propertyPath: m_LocalEulerAnglesHint.z
      value: 0
      objectReference: {fileID: 0}
    m_RemovedComponents: []
  m_SourcePrefab: {fileID: 100100000, guid: 6d3423b3d0f50874d99e82edc1d1c3d4, type: 3}
--- !u!4 &1971797792 stripped
Transform:
  m_CorrespondingSourceObject: {fileID: 7388478535388755947, guid: 81327f66af044e94592464ff7f51e93f,
    type: 3}
  m_PrefabInstance: {fileID: 274094580}
  m_PrefabAsset: {fileID: 0}
--- !u!4 &2010102336 stripped
Transform:
  m_CorrespondingSourceObject: {fileID: 7388478535388755947, guid: 81327f66af044e94592464ff7f51e93f,
    type: 3}
  m_PrefabInstance: {fileID: 1473480253}
  m_PrefabAsset: {fileID: 0}
--- !u!1001 &2040445581
PrefabInstance:
  m_ObjectHideFlags: 0
  serializedVersion: 2
  m_Modification:
    m_TransformParent: {fileID: 2127289065}
    m_Modifications:
    - target: {fileID: 1793485079976900317, guid: 7b3bdef8c36a0ed4fbeb268067bc641f,
        type: 3}
      propertyPath: m_Name
      value: YellowBird
      objectReference: {fileID: 0}
    - target: {fileID: 1793485079976900318, guid: 7b3bdef8c36a0ed4fbeb268067bc641f,
        type: 3}
      propertyPath: m_LocalPosition.x
      value: -5.72
      objectReference: {fileID: 0}
    - target: {fileID: 1793485079976900318, guid: 7b3bdef8c36a0ed4fbeb268067bc641f,
        type: 3}
      propertyPath: m_LocalPosition.y
      value: -1.75
      objectReference: {fileID: 0}
    - target: {fileID: 1793485079976900318, guid: 7b3bdef8c36a0ed4fbeb268067bc641f,
        type: 3}
      propertyPath: m_LocalPosition.z
      value: 0.02722773
      objectReference: {fileID: 0}
    - target: {fileID: 1793485079976900318, guid: 7b3bdef8c36a0ed4fbeb268067bc641f,
        type: 3}
      propertyPath: m_LocalRotation.x
      value: -0
      objectReference: {fileID: 0}
    - target: {fileID: 1793485079976900318, guid: 7b3bdef8c36a0ed4fbeb268067bc641f,
        type: 3}
      propertyPath: m_LocalRotation.y
      value: -0
      objectReference: {fileID: 0}
    - target: {fileID: 1793485079976900318, guid: 7b3bdef8c36a0ed4fbeb268067bc641f,
        type: 3}
      propertyPath: m_LocalRotation.z
      value: -0
      objectReference: {fileID: 0}
    - target: {fileID: 1793485079976900318, guid: 7b3bdef8c36a0ed4fbeb268067bc641f,
        type: 3}
      propertyPath: m_LocalRotation.w
      value: 1
      objectReference: {fileID: 0}
    - target: {fileID: 1793485079976900318, guid: 7b3bdef8c36a0ed4fbeb268067bc641f,
        type: 3}
      propertyPath: m_RootOrder
      value: 0
      objectReference: {fileID: 0}
    - target: {fileID: 1793485079976900318, guid: 7b3bdef8c36a0ed4fbeb268067bc641f,
        type: 3}
      propertyPath: m_LocalEulerAnglesHint.x
      value: 0
      objectReference: {fileID: 0}
    - target: {fileID: 1793485079976900318, guid: 7b3bdef8c36a0ed4fbeb268067bc641f,
        type: 3}
      propertyPath: m_LocalEulerAnglesHint.y
      value: 0
      objectReference: {fileID: 0}
    - target: {fileID: 1793485079976900318, guid: 7b3bdef8c36a0ed4fbeb268067bc641f,
        type: 3}
      propertyPath: m_LocalEulerAnglesHint.z
      value: 0
      objectReference: {fileID: 0}
    m_RemovedComponents: []
  m_SourcePrefab: {fileID: 100100000, guid: 7b3bdef8c36a0ed4fbeb268067bc641f, type: 3}
--- !u!4 &2093395197 stripped
Transform:
  m_CorrespondingSourceObject: {fileID: 3875272107122624638, guid: c939541c7832b3b408fbf219a8e9212f,
    type: 3}
  m_PrefabInstance: {fileID: 761350808}
  m_PrefabAsset: {fileID: 0}
--- !u!114 &2093395198 stripped
MonoBehaviour:
  m_CorrespondingSourceObject: {fileID: 3875272107122624626, guid: c939541c7832b3b408fbf219a8e9212f,
    type: 3}
  m_PrefabInstance: {fileID: 761350808}
  m_PrefabAsset: {fileID: 0}
  m_GameObject: {fileID: 0}
  m_Enabled: 1
  m_EditorHideFlags: 0
  m_Script: {fileID: 11500000, guid: 2a92aae0be975e44b921d285eb413e9c, type: 3}
  m_Name: 
  m_EditorClassIdentifier: 
--- !u!4 &2096730568 stripped
Transform:
  m_CorrespondingSourceObject: {fileID: 7388478535388755947, guid: 81327f66af044e94592464ff7f51e93f,
    type: 3}
  m_PrefabInstance: {fileID: 2098689996}
  m_PrefabAsset: {fileID: 0}
--- !u!1001 &2098689996
PrefabInstance:
  m_ObjectHideFlags: 0
  serializedVersion: 2
  m_Modification:
    m_TransformParent: {fileID: 1370947408}
    m_Modifications:
    - target: {fileID: 7388478535388755946, guid: 81327f66af044e94592464ff7f51e93f,
        type: 3}
      propertyPath: m_Name
      value: Wood (7)
      objectReference: {fileID: 0}
    - target: {fileID: 7388478535388755947, guid: 81327f66af044e94592464ff7f51e93f,
        type: 3}
      propertyPath: m_LocalPosition.x
      value: 7.45
      objectReference: {fileID: 0}
    - target: {fileID: 7388478535388755947, guid: 81327f66af044e94592464ff7f51e93f,
        type: 3}
      propertyPath: m_LocalPosition.y
      value: -0.97
      objectReference: {fileID: 0}
    - target: {fileID: 7388478535388755947, guid: 81327f66af044e94592464ff7f51e93f,
        type: 3}
      propertyPath: m_LocalPosition.z
      value: 0
      objectReference: {fileID: 0}
    - target: {fileID: 7388478535388755947, guid: 81327f66af044e94592464ff7f51e93f,
        type: 3}
      propertyPath: m_LocalRotation.x
      value: 0
      objectReference: {fileID: 0}
    - target: {fileID: 7388478535388755947, guid: 81327f66af044e94592464ff7f51e93f,
        type: 3}
      propertyPath: m_LocalRotation.y
      value: 0
      objectReference: {fileID: 0}
    - target: {fileID: 7388478535388755947, guid: 81327f66af044e94592464ff7f51e93f,
        type: 3}
      propertyPath: m_LocalRotation.z
      value: 0
      objectReference: {fileID: 0}
    - target: {fileID: 7388478535388755947, guid: 81327f66af044e94592464ff7f51e93f,
        type: 3}
      propertyPath: m_LocalRotation.w
      value: 1
      objectReference: {fileID: 0}
    - target: {fileID: 7388478535388755947, guid: 81327f66af044e94592464ff7f51e93f,
        type: 3}
      propertyPath: m_RootOrder
      value: 6
      objectReference: {fileID: 0}
    - target: {fileID: 7388478535388755947, guid: 81327f66af044e94592464ff7f51e93f,
        type: 3}
      propertyPath: m_LocalEulerAnglesHint.x
      value: 0
      objectReference: {fileID: 0}
    - target: {fileID: 7388478535388755947, guid: 81327f66af044e94592464ff7f51e93f,
        type: 3}
      propertyPath: m_LocalEulerAnglesHint.y
      value: 0
      objectReference: {fileID: 0}
    - target: {fileID: 7388478535388755947, guid: 81327f66af044e94592464ff7f51e93f,
        type: 3}
      propertyPath: m_LocalEulerAnglesHint.z
      value: 0
      objectReference: {fileID: 0}
    - target: {fileID: 7388478535388755947, guid: 81327f66af044e94592464ff7f51e93f,
        type: 3}
      propertyPath: m_LocalScale.x
      value: 2
      objectReference: {fileID: 0}
    - target: {fileID: 7388478535388755947, guid: 81327f66af044e94592464ff7f51e93f,
        type: 3}
      propertyPath: m_LocalScale.y
      value: 2
      objectReference: {fileID: 0}
    m_RemovedComponents: []
  m_SourcePrefab: {fileID: 100100000, guid: 81327f66af044e94592464ff7f51e93f, type: 3}
--- !u!1 &2127289064
GameObject:
  m_ObjectHideFlags: 0
  m_CorrespondingSourceObject: {fileID: 0}
  m_PrefabInstance: {fileID: 0}
  m_PrefabAsset: {fileID: 0}
  serializedVersion: 6
  m_Component:
  - component: {fileID: 2127289065}
  m_Layer: 0
  m_Name: Birds
  m_TagString: Untagged
  m_Icon: {fileID: 0}
  m_NavMeshLayer: 0
  m_StaticEditorFlags: 0
  m_IsActive: 1
--- !u!4 &2127289065
Transform:
  m_ObjectHideFlags: 0
  m_CorrespondingSourceObject: {fileID: 0}
  m_PrefabInstance: {fileID: 0}
  m_PrefabAsset: {fileID: 0}
  m_GameObject: {fileID: 2127289064}
  m_LocalRotation: {x: 0, y: 0, z: 0, w: 1}
  m_LocalPosition: {x: 0.16277178, y: -1.374682, z: -0.08984389}
  m_LocalScale: {x: 1, y: 1, z: 1}
  m_Children:
  - {fileID: 1568348085}
  - {fileID: 406600955}
  - {fileID: 426797583}
  - {fileID: 207015190}
  m_Father: {fileID: 0}
  m_RootOrder: 5
  m_LocalEulerAnglesHint: {x: 0, y: 0, z: 0}
